<record xmlns="http://www.loc.gov/MARC21/slim">
   <leader>01981cam a2200445 i 45 0</leader>
   <controlfield tag="001">6696901</controlfield>
   <controlfield tag="003">OCoLC</controlfield>
   <controlfield tag="005">20150116115750.0</controlfield>
   <controlfield tag="008">140725s2015    pau      b    001 0 eng  </controlfield>
   <datafield ind1=" " ind2=" " tag="010">
      <subfield code="a">  2014029112</subfield>
   </datafield>
   <datafield ind1="7" ind2=" " tag="016">
      <subfield code="a">101637860</subfield>
      <subfield code="2">DNLM</subfield>
   </datafield>
   <datafield ind1=" " ind2=" " tag="020">
      <subfield code="a">9780812223118</subfield>
      <subfield code="q">hardcover</subfield>
      <subfield code="q">alk. paper</subfield>
   </datafield>
   <datafield ind1=" " ind2=" " tag="020">
      <subfield code="a">081222311X</subfield>
      <subfield code="q">hardcover</subfield>
      <subfield code="q">alk. paper</subfield>
   </datafield>
   <datafield ind1=" " ind2=" " tag="035">
      <subfield code="a">ocn884961880</subfield>
   </datafield>
   <datafield ind1=" " ind2=" " tag="040">
      <subfield code="a">DNLM/DLC</subfield>
      <subfield code="e">rda</subfield>
      <subfield code="b">eng</subfield>
      <subfield code="c">DLC</subfield>
      <subfield code="d">YDX</subfield>
      <subfield code="d">NLM</subfield>
      <subfield code="d">YDXCP</subfield>
      <subfield code="d">VET</subfield>
      <subfield code="d">UIN</subfield>
      <subfield code="d">CDX</subfield>
      <subfield code="d">AFMK</subfield>
   </datafield>
   <datafield ind1=" " ind2=" " tag="042">
      <subfield code="a">pcc</subfield>
   </datafield>
   <datafield ind1="0" ind2="4" tag="050">
      <subfield code="a">RT86.54</subfield>
      <subfield code="b">.G35 2015</subfield>
   </datafield>
   <datafield ind1="1" ind2="0" tag="060">
      <subfield code="a">WY 107</subfield>
   </datafield>
   <datafield ind1=" " ind2="4" tag="060">
      <subfield code="a">WY 107</subfield>
      <subfield code="b">G146c 2015</subfield>
   </datafield>
   <datafield ind1="0" ind2="0" tag="082">
      <subfield code="a">610.73</subfield>
      <subfield code="2">23</subfield>
   </datafield>
   <datafield ind1=" " ind2=" " tag="090">
      <subfield code="a">RT 86.54 G35 2015</subfield>
      <subfield code="b">AFMK</subfield>
   </datafield>
   <datafield ind1="1" ind2=" " tag="100">
      <subfield code="a">Galanti, Geri-Ann,</subfield>
      <subfield code="e">author.</subfield>
   </datafield>
   <datafield ind1="1" ind2="0" tag="245">
      <subfield code="a">Caring for patients from different cultures /</subfield>
      <subfield code="c">Geri-Ann Galanti.</subfield>
   </datafield>
   <datafield ind1=" " ind2=" " tag="250">
      <subfield code="a">Fifth edition.</subfield>
   </datafield>
   <datafield ind1=" " ind2="1" tag="264">
      <subfield code="a">Philadelphia :</subfield>
      <subfield code="b">University of Pennsylvania Press,</subfield>
      <subfield code="c">[2015]</subfield>
   </datafield>
   <datafield ind1=" " ind2=" " tag="300">
      <subfield code="a">xvi, 368 pages ;</subfield>
      <subfield code="c">23 cm</subfield>
   </datafield>
   <datafield ind1=" " ind2=" " tag="336">
      <subfield code="a">text</subfield>
      <subfield code="b">txt</subfield>
      <subfield code="2">rdacontent</subfield>
   </datafield>
   <datafield ind1=" " ind2=" " tag="337">
      <subfield code="a">unmediated</subfield>
      <subfield code="b">n</subfield>
      <subfield code="2">rdamedia</subfield>
   </datafield>
   <datafield ind1=" " ind2=" " tag="338">
      <subfield code="a">volume</subfield>
      <subfield code="b">nc</subfield>
      <subfield code="2">rdacarrier</subfield>
   </datafield>
   <datafield ind1=" " ind2=" " tag="504">
      <subfield code="a">Includes bibliographical references and index.</subfield>
   </datafield>
   <datafield ind1="0" ind2=" " tag="505">
      <subfield code="a">Basic concepts -- Communication and time orientation -- Pain -- Religion and spirituality -- Activities of daily living and the body -- Family -- Men and women -- Staff relations -- Birth -- End of life -- Mental health -- Traditional medicine : practices and perspectives -- Improving adherence -- Making a difference.</subfield>
   </datafield>
   <datafield ind1=" " ind2=" " tag="596">
      <subfield code="a">8</subfield>
   </datafield>
   <datafield ind1=" " ind2="0" tag="650">
      <subfield code="a">Transcultural nursing</subfield>
      <subfield code="z">United States</subfield>
      <subfield code="v">Case studies.</subfield>
   </datafield>
   <datafield ind1=" " ind2="0" tag="650">
      <subfield code="a">Transcultural medical care</subfield>
      <subfield code="z">United States</subfield>
      <subfield code="v">Case studies.</subfield>
   </datafield>
   <datafield ind1=" " ind2="0" tag="650">
      <subfield code="a">Hospital care</subfield>
      <subfield code="x">Psychological aspects</subfield>
      <subfield code="z">United States</subfield>
      <subfield code="v">Case studies.</subfield>
   </datafield>
   <datafield ind1=" " ind2="0" tag="650">
      <subfield code="a">Ethnopsychology</subfield>
      <subfield code="z">United States</subfield>
      <subfield code="v">Case studies.</subfield>
   </datafield>
   <datafield ind1="1" ind2="2" tag="650">
      <subfield code="a">Transcultural Nursing</subfield>
      <subfield code="x">methods</subfield>
      <subfield code="v">Case Reports.</subfield>
   </datafield>
   <datafield ind1="2" ind2="2" tag="650">
      <subfield code="a">Cultural Competency</subfield>
      <subfield code="v">Case Reports.</subfield>
   </datafield>
   <datafield ind1="2" ind2="2" tag="650">
      <subfield code="a">Cultural Diversity</subfield>
      <subfield code="v">Case Reports.</subfield>
   </datafield>
   <datafield ind1=" " ind2=" " tag="926">
      <subfield code="a">RT 86.54 G35 2015</subfield>
      <subfield code="w">LC</subfield>
      <subfield code="c">1</subfield>
      <subfield code="i">34917001371124</subfield>
      <subfield code="l">ON_SHELF</subfield>
      <subfield code="m">KEYANO</subfield>
      <subfield code="p">$20.93</subfield>
      <subfield code="r">Y</subfield>
      <subfield code="s">Y</subfield>
      <subfield code="t">BOOK</subfield>
      <subfield code="u">9/23/2014</subfield>
      <subfield code="o">.STAFF. Rec'd Jan/15 MW</subfield>
   </datafield>
</record>
